02873nam a22005053i 4500
001 ocm86174229 
003 OCoLC
005 20080328102918.0
008 070326s1977    ii       b    000 0 san d
040    $a STF $c STF
035    $a (OCoLC)86174229
041 0  $a san $a hin
050 04 $a PK511 $b 1977
049    $a LNNA
100 0  $6 880-01 $a Pāṇini.
240 10 $a Aṣṭādhyāyī
245 10 $6 880-02 $a Aṣṭādhyāyīsūtrapāṭhaḥ : $b Pāṇinīyaśikṣā-liṅgānuśāsanasahitaśca / $c Maharṣipāṇinipraṇītaḥ ; upoddhātalekhakaḥ Śrīnārāyaṇa Miśraḥ.
246 15 $a Aṣṭādhyāyīsūtrapāṭha : $b with Pāṇinīyaśikṣā and Liṅgānuśāsana
250    $6 880-03 $a 1. saṃskaraṇa.
260    $6 880-04 $a Vārāṇasī ; $a Dillī : $b Caukhambhā Oriyanṭāliyā ; $a Vārāṇasī : $b anya prāptisthāna, Caukhambhā Viśvabhāratī, $c 1977.
300    $a 100 p.
440  0 $6 880-05 $a Gokuladāsa Saṃskr̥ta granthamālā ; $v 29
546    $a In Sanskrit; introd. in Hindi.
500    $a "Sampādakaḥ Śrīnārāyaṇa Miśraḥ"--Cover.
500    $a Added title page in English.
504    $a Includes bibliographical references.
650  0 $a Sanskrit language $x Grammar.
650  0 $a Sanskrit language $x Accents and accentuation.
700 02 $6 880-06 $a Pāṇini. $t Pāṇinīyaśikṣā.
700 02 $6 880-07 $a Pāṇini. $t Liṅgānuśāsana.
700 1  $6 880-08 $a Miśra, Śrīnārāyaṇa.
740 02 $6 880-09 $a Pāṇinīyaśikṣā.
740 02 $6 880-10 $a Liṅgānuśāsana.
880 0  $6 100-01 $a पाणिनी.
880 10 $6 240-00 $a अष्टाध्यायी
880 10 $6 245-02 $a अष्टाध्यायीसूत्रपाठः : $b पाणिणीयशिक्षा-लिङ्गानुशासनसहितश्र्च / $c महर्षिपाणिनिप्रणीतः ; उपोद्घातलेखकः श्रीनारायण मिश्रः.
880    $6 250-03 $a 1. संस्करण.
880    $6 260-04 $a वाराणसी ; $a दिल्ली : $b चौखम्भा ओरियन्टालिया ; $a वाराणसी : $b अन्य प्राप्तिस्थान, चौखम्भा विश्वभारती, $c 1977.
880  0 $6 440-05 $a गोकुलदास संस्कृत ग्रन्थमाला ; $v 29
880 02 $6 700-06 $a पाणिनी. $t पाणिणीयशिक्षा
880 02 $6 700-07 $a पाणिनी. $t लिङ्गानुशासन.
880 1  $6 700-08 $a मिश्र, श्रीनारायण.
880 02 $6 740-09 $a पाणिणीयशिक्षा.
880 02 $6 740-10 $a लिङ्गानुशासन.
994    $a C0 $b LNN

