02242cam a2200433Ia 4500
001 ocm44944167 
003 OCoLC
005 20080328102918.0
008 000906s2000    ilua          000 0 tam d
040    $a OCO $c OCO $d OCL $d OCLCQ $d TEF
020    $a 0967621208 : $c $24.95
020    $a 9780967621203
035    $a (OCoLC)44944167
041 1  $a tameng $h tam
050  4 $a PL4758.9.T5 $b T5
082 04 $a 894.811 $b T597t
049    $a LNNA
100 0  $a Tiruvaḷḷuvar.
240 10 $6 880-01 $a Thirukku ral. $l Tamil & English
245 10 $6 880-02 $a Thirukkural : $b Thamizh Marai = Tirukkural : the Holy Scripture / $c [by Tiruvalluvar ; English translation by P.S. Sundaram.].
250    $a 1st ed.
260    $a Woodridge, Ill. : $b International Tamil Language Foundation, $c c2000.
300    $a 1813 p. : $b ill. (some col.) ; $c 20 cm.
500    $a Tamil text, with English translation.
500    $a "An edition of this translation was published by Penguin Books in 1991."
500    $a Section 2 and section 3, English translation from Tamil by R. Natarajan.
546    $a Text in Tamil and English.
500    $a Non-Latin script record.
600 00 $a Tiruvaḷḷuvar.
650  0 $a Tamil literature $v Translations into English.
650  0 $a Tamil language materials $x Bilingual.
740 02 $a Handbook of Tamil culture and heritage.
740 02 $a Tamils guide to future.
880 10 $6 240-01 $a திரூக்கு றள். $l Tamil & English
880 10 $6 245-02 $a திரூக்குறள் : $b தமிழ் மறை = Tirukkural : the Holy Scripture / $c [by Tiruvalluvar ; English translation by P.S. Sundaram.]
880 0  $6 505-00 $a Section 1: திரூக்குறள் : Tirukkural -- Section 2: தறிழ்ப் பண்பாட்டூக் கையேடூ : The handbook of Tamil culture and heritage -- Section 3: தமிழின எதிர்கால வழிகாட்டி : Tamils guide to future.
880 02 $6 740-00 $a தமிழ்ப் பண்பாட்டூக் கையேடூ : The handbook of Tamil culture and heritage.
880 02 $6 740-00 $a தமிழின எதிர்கால வழிகாட்டி : Tamils guide to future.
994    $a C0 $b LNN

