01025cam a2200301Ia 4500
001 ocm62425106 
003 OCoLC
005 20080328102918.0
008 051203s2002    th            000 f thaod
040    $a TEF $c TEF $d LNQ $d OCL
020    $a 9749204808
020    $a 9789749204801
035    $a (OCoLC)62425106
090    $a PL4209.D837 $b P57 2002
049    $a LNNA
100 0  $6 880-01 $a Dūangtawan.
245 10 $6 880-02 $a Phračhan sǣnkon / $c Dūangtawan.
250    $6 880-03 $a Phim khrang thī 3.
260    $6 880-04 $a Krung Thēp : $b Phimkham Samnakphim, $c 2545 [2002]
300    $a 154 p. ; $c 21 cm.
500    $a Novel.
546    $a In Thai.
655  7 $a Humorous fiction. $2 gsafd
880 0  $6 100-01 $a ดวงตะวัน.
880 10 $6 245-02 $a พระจันทร์แสนกล / $c ดวงตะวัน.
880    $6 250-03 $a พิมพ์ครั้งที่ 3.
880    $6 260-04 $a กรุงเทพฯ : $b พิมพ์คำ สานักพิมพ์, $c 2545.
994    $a C0 $b LNN

