02684cam a2200409 a 4500
001 14876782
005 20071121181842.0
008 990326s1997    ai a     b    001 0 armo 
035    $a (Uk)006855813
906    $a p $b cbc $c undeter $d u $e ncip $f 20 $g y-nonroman
010    $a    99189840 
040    $a DLC $b eng $c DLC $d DLC-R $d Uk
043    $a a-ai--- $a a-tu---
050 00 $a BX121 $b .S63 1997
100 1  $6 880-01 $a Smbatyantsʿ, Artak, $c Episkopos, $d 1876-1937
245 10 $6 880-02 $a Artak Episkopos Smbatyantsʿ (Taushetsʿi) : hogevor, grakan, patma-banasirakan gortsuneutʿyuně ev gndakaharutʿyuně, 1876-1937 tʿtʿ. / $c kazmetsʿ Sandro Behbudyan.
260    $6 880-03 $a Erevan : $b "Anahit", $c 1997.
300    $a 691 p. : $b ill. ; $c 27 cm.
440  0 $6 880-04 $a Vaveragrer Hay Ekeghetsʿu patmutʿyan ; $v girkʿ 3
500    $6 880-05 $a At head of title: Hayastani Hanrapetutʿyan Kaṛavarutʿyann aṛěntʿer. Arkhivayin Gortsi Varchʿutʿyun. Arvesti, Grakanutʿyan ev Mamuli Pʿastatʿghtʿeri Petakan Kentronakan Arkhiv.
504    $a Includes bibliographical references and indexes.
600 10 $6 880-06 $a Smbatyantsʿ, Artak, $c Episkopos, $d 1876-1937
610 20 $6 880-07 $a Armenian Church $x History $v Sources.
650  0 $a Armenians $z Turkey.
651  0 $a Armenia $x History $y 1801-1900 $v Sources.
651  0 $a Armenia $x History $y 1901- $v Sources.
700 1  $6 880-08 $a Behbudyan, Sandro $q (Sandro Artashesi), $d 1934-
852 41 $a British Library $b OC $j HEC.1994.a.294/3
880 1  $6 100-01 / $a Սմբատյանց, Արտակ, $c Եբիսկոպոս, $d 1876-1937.
880 10 $6 245-02 / $a Արտակ Եբիսկոպոս Սմբատյանց (Տաուշեցի) : հոգեվոր, գրական պատմա-բանասիրական գործունեությունը եվ գնդակահարությունը, 1876-1937 թթ. / $c կազմեց Սանդրո Բեհբության.
880    $6 260-03 / $a Երեվան : $b «Անահիտ», $c 1997.
880  0 $6 440-04 / $a Վավերագրեր Հայ Եկեղեցու պատմության ; $v գիրք 3
880    $6 500-05 / $a Տիտղոսի գլուխ: Հայաստանի Հանրապետության Կառավարության առընթեր. Արխիվային Գործի Վարչություն. Արվեստի, Գրականության եվ Մամուլի Բաստաթղթերի Պետական Կենտրոնական Արխիվ.
880 10 $6 600-06 / $a Սմբատյանց, Արտակ, $c Եբիսկոպոս, $d 1876-1937.
880 20 $6 610-07 / $a Հայաստանեայց Ս. Եկեղեցի $x Պատմութիւն $v Աղբիւրներ.
880 1  $6 700-08 / $a Բեհբության, Սանդրո, $q (Սանդրո Արտաշեսի), $d 1934-
985    $a armenian LC

01466 am a2200349 a 4500
001 14876783
005 20071121181846.0
008 040502m19461951sy ac         000 0 arm  
035    $a (Uk)006881105
906    $a p $b cbc $c undeter $d u $e ncip $f 20 $g y-nonroman
010    $a   2003207810
035    $a (OCoLC)ocm51506679
040    $a DLC $b eng $c DLC $d OCoLC $d Uk
043    $a a-sy---
050 00 $a BV4539.A75 $b M36
245 00 $6 880-01 $a Mananay : $b taregrkʿoyk.
260    $6 880-02 $a Halēp : $b Hratarakutʿiwn Hogewor Eghbarutʿean Eritasardatsʿ, $c 1946-1951
300    $a 2 v. : $b ill., ports. ; $c 23 cm.
505 0  $a [1]. 1946, 5-6. 1950-1951.
610 20 $6 880-03 $a Hogewor Eghbayrutʿiwn Eritasardatsʿ.
650  0 $a Armenians $x Religious life $z Syria.
650  0 $a Almanacs, Armenian $z Syria.
650  0 $a Youth $x Religious life $z Syria.
650  0 $a Armenians $z Syria $x Social life and customs.
650  0 $a Armenians $z Lebanon $x Social life and customs.
710 2  $6 880-04 $a Hogewor Eghbayrutʿiwn Eritasardatsʿ.
852 41 $a British Library $b OC $j HEC.2002.a.492
880 00 $6 245-01 / $a Մանանայ : $b տարեգրքոյկ.
880    $6 260-02 / $a Հալէպ : $b Հրատարակութիւն Հոգեւոր Եղբայրութեան Երիտասրդաց, $c 1946-1951.
880 20 $6 610-03 / $a Հոգեւոր Եղբայրութիւն Երիտասրդաց.
880 2  $6 710-04 / $a Հոգեւոր Եղբայրութիւն Երիտասրդաց.
985    $a armenian LC

