01818cab a2200385 a 4500
001 14877410
005 20071121185010.0
008 040502m18971900enkmr|p       0   z0arm  
035    $a (Uk)002848266
906    $a p $b cbc $c undeter $d u $e ncip $f 20 $g y-nonroman
010    $a   2007970004
019 x  $a 2532250240
040    $a Uk $b eng $c Uk
245 00 $6 880-01 $a Mart : $b [amsatʿertʿ, ōrgan Hnchʿakean Kusaktsʿutʿean].
246 3  $a Mard
260    $6 880-02 $a London : $b [Sotsʿial Demokrat Hnchʿakean Kusaktsʿutʿiwn], $c 1897-1900.
300    $a v. ; $c 44 cm.
500    $a "Battle": an Armenian political newspaper.
500    $a "Mart" published after 1897, as "Hnchʿak" could not be due to legal proceedings.
505 0  $a I year, no. 1 (15 Apr., 1897)-10 (10 Apr., 1898); II year, no. 11 (7 May, 1898)-16 (Mar., 1899); III year, no. 17 (Aug., 1899)-27 (Oct., 1900)
610 20 $6 880-03 $a Sotsʿial Demokrat Hnchʿakean Kusaktsʿutʿiwn
650  0 $a Armenian periodicals.
650  0 $a Armenians $x Politics and government.
651  0 $a Armenia $x Politics and government.
651  0 $a Armenia $x History $y 1801-1900.
655  4 $a Periodical publications.- London
710 2  $6 880-04 $a Sotsʿial Demokrat Hnchʿakean Kusaktsʿutʿiwn
740 0  $6 880-05 $a Hnchʿak.
852 41 $a British Library $b HMNTS $j OP.411
880 00 $6 245-01 / $a Մարտ : $b [ամսաթերթ, օրգան Հնչակեան Կուսակցութեան].
880    $6 260-02 / $a Լոնդոն : $b [Սոցիալ Դեմոկրատ Հնչակեան Կուսակցութիւն], $c 1897-1900.
880 20 $6 610-03 / $a Սոցիալ Դեմոկրատ Հնչակեան Կուսակցութիւն.
880 2  $6 710-04 / $a Սոցիալ Դեմոկրատ Հնչակեան Կուսակցութիւն.
880 0  $6 740-05 / $a Հնչակ.
985    $a armenian

