03105cab a2200601 a 4500
001 14877413
005 20071121185021.0
008 000316d18551865fr er p       0   z0armod
035    $a (Uk)002863571
906    $a p $b cbc $c undeter $d u $e ncip $f 20 $g y-nonroman
010    $a   2007970007
019 x  $a 2541830122
035    $a (OCoLC)43646516
040    $a Uk $b eng $c Uk
041 1  $a arm $a fre $a rus $h arm
043    $a a-ai--- $a e------
245 00 $6 880-01 $a Maseatsʿ aghawni : $b awetaber Hayastaneaytsʿ / $c [khmb. Gabriēl Ayvazeantsʿ].
246 15 $a Colombe du Massis
246 15 $a Messager de l'Arménie
246 13 $6 880-02 $a Maseatsʿ aghawni awetaber Hayastaneaytsʿ
246 14 $6 880-03 $a Maseatsʿ aghawni ew Tsiatsan Hayastaneaytsʿ $f <Sept. 1861->
246 30 $6 880-04 $a Tsiatsan Hayastaneaytsʿ $f <Sept. 1861->
246 30 $6 880-05 $a Awetaber Hayastaneaytsʿ
260    $6 880-06 $a Pʿariz : $b [Khmbagir ew hratarakichʿ Gabriēl Ayvazeantsʿ], $c 1855- $e (Paris : $f Imp. W. Remquet)
300    $a v. : $b ill., ports. ; $c 32 cm.
310    $a Biweekly, $b <1 Sept. 1861->
321    $a Monthly, $b Jan. 1855->
362 0  $6 880-07 $a 1. tari, tʿiw 1 (Hunuar 1855)-
362 1  $a Ceased in 1865.
500    $6 880-08 $a Imprint varies: Paris : i Granotsʿi Chaniki Aramean, Jan. 1856-> ; Theodosia : Khalipean Usumnaran, <Sept. 1861->
500    $6 880-09 $a Latest issue consulted: 6. tari, tʿiw 17 (15 Sept. 1861)
505 0  $a Vol. I (1855); vol. II (1856); vol. III (1857); vol. VI, 1-8 (1861)
515    $a Not published in 1859.
546    $a In Armenian and French.
650  0 $a Armenians $v Periodicals.
650  0 $a Armenians $z Foreign countries $v Periodicals.
650  0 $a Armenians $v Biography $v Periodicals.
651  0 $a Armenia $v Periodicals.
651  0 $a Europe $v 19th century $v Periodicals.
655  4 $a Periodical publications.- Paris
700 1  $6 880-10 $a Ayvazovskʿi, Gabriēl, $d 1812-1880.
852 41 $a British Library $b OC $j 17070.g.5.
880 00 $6 245-01 / $a Մասեաց աղաւնի : $b աւետաբեր Հայաստանեայց / $c [խմբ. Գաբրիէլ Այվազեանց].
880 13 $6 246-02 / $a Մասեաց աղաւնի աւետաբեր Հայաստանեայց
880 14 $6 246-03 / $a Մասեաց աղաւնի եւ Ծիածան Հայաստանեայց $f <Սեպտ. 1861->
880 30 $6 246-04 / $a Ծիածան Հայաստանեայց $f <Սեպտ. 1861->
880 30 $6 246-05 / $a Աւետաբեր Հայաստանեայց
880    $6 260-06 / $a Փարիզ : $b [Խմբագիր և հրատարակիչ Գաբրիէլ Այվազեանց], $c 1855- $e (Paris : $f Imp. W. Remquet)
880 0  $6 362-07 / $a 1. տարի, թիւ 1 (Յունուար 1855)-
880    $6 500-08 / $a Տարբեր հրատ.: Փարիզ : ի Գրանոցի Ճանիկի Արամեան, Յունուար 1856-> ; Թեոդոսիա : Խալիպեան Ուսումնարան, <Սեպտ. 1861->
880    $6 500-09 / $a Քննուած վերջին թիւ: 6. տարի, թիւ 17 (15 Սեպտ. 1861)
880 1  $6 700-10 / $a Այվազեանց, Գաբրիէլ $d 1812-1880.
985    $a armenian

01794 ab a2200349 a 4500
001 14877417
005 20071121185036.0
008 040502m18121816it wu|p       0   a0arm  
035    $a (Uk)002870975
906    $a p $b cbc $c undeter $d u $e ncip $f 20 $g y-nonroman
010    $a   2007970012
019 x  $a 2543960295
040    $a Uk $b eng $c Uk
245 00 $6 880-01 $a Ditak Biwzandean : $b shabatʿatʿertʿ apa erkshapatʿatʿertʿ, patmutʿiwn kʿaghakʿagan u paterazmakan, banasirakan, ekeghetsakan / $c khmb. Grigor Gaparachean, M. Pʿiwskiwlean, M. Jakhjakhean.
246 3  $a Tidag Piwzantean
260    $6 880-02 $a i Venetik : $b i Vans Srboyn Ghazaru, $c 1812-1816.
300    $a v. ; $c 23 cm.
500    $a Began 1808; ceased 1816.
650  0 $a Armenians $v Periodicals.
651  0 $a Europe $x History $y 1789-1815 $v Periodicals.
651  0 $a Europe $x Politics and government $y 1789-1915 $v Periodicals.
651  0 $a France $x History $y Consulate and First Empire, 1799-1815 $v Periodicals.
700 1  $6 880-03 $a Karapetean, Grigor Khapaṛachi
700 1  $6 880-04 $a Pʿiwskiwlean, M.
700 1  $6 880-05 $a Jakhjakhean, Manuēl.
852 41 $a British Library $b OC $j 17070.d.3.
880 00 $6 245-01 / $a Դիտակ Բիւզանդեան : $b շաբաթաթերթ ապա երկշաբաթաթերթ, պատմութիւն քաղաքական ու պատերազմական, բանասիրական, եկեղեցական / $c խմբ. Գրիգոր Գապարաճեան, Մ. Փիւսկիւլեան, Մ. Ջախջախեան.
880    $6 260-02 / $a ի Վենետիկ : $b ի Վանս Սրբոյն Ղազարու, $c 1812-1816.
880 1  $6 700-03 / $a Կարապետեան, Գրիգոր Խապառաճի.
880 1  $6 700-04 / $a Փիւսկիւլեան, Մ.
880 1  $6 700-05 / $a Ջախջախեան, Մանուէլ.
985    $a armenian

