01672cam a2200325 a 4500
001 14877418
005 20071121185039.0
008 040502m19481961ai acf   b    000 0darm  
035    $a (Uk)006842308
906    $a p $b cbc $c undeter $d u $e ncip $f 20 $g y-nonroman
010    $a   2007970013
040    $a Uk $b eng $c Uk
100 1  $6 880-01 $a Abovyan, Khachʿatur, $d 1805-1848
240 10 $a Works. $f 1948
245 10 $6 880-02 $a Erkeri liakatar zhoghovatsu utʿ hatorov / $c Kh. Abovyan ; [khmb. kolegia, Av. Isahakyan ... [et al.]].
246 15 $6 880-03 $a Polnoe sobranie sochineniǐ v vosʹmi tomakh
260    $6 880-04 $a Erevan : $b HSSṚ Gitutʿyunneri Akademiai Hratarakchʿutʿyun, $c 1948-1961.
300    $a 8 v. in 10 books : $b ill., port. ; $c 26 cm.
500    $a Illustrated end-papers.
650  0 $a Armenian literature.
700 1  $6 880-05 $a Isahakyan, Avetikʿ, $d 1875-1957
710 2  $6 880-06 $a M. Abeghyani Anvan Grakanutʻyan Institut.
852 41 $a British Library $b OC $j 17046.h.1
880 1  $6 100-01 / $a Աբովյան, Խաչատուր, $d 1805-1848.
880 10 $6 245-02 / $a Երկերի լիակատար ժողովածու ութ հատորով / $c Խ. Աբովյան ; [խմբ. կոլեգիա Ավ. Իսահակյան ... [և ուրշն.]].
880 15 $6 246-03 / $a Полное собрание сочинений в восьми томах
880    $6 260-04 / $a Երեվան : $b ՀՍՍՌ Գիտությունների Ակադեմիաի Հրատարակչություն, $c 1948-1961.
880 1  $6 700-05 / $a Իսահակյան, Ավետիք, $d 1875-1957.
880 2  $6 710-06 / $a Մ. Աբեղյանի Անվան Գրականության Ինստիտուտ.
985    $a armenian

