01187cab a2200301 a 4500
001 14879015
005 20071203081856.0
008 040502m18641877tu mr|p       0   z0arm  
035    $a (Uk)002824493
906    $a p $b cbc $c undeter $d u $e ncip $f 20 $g y-nonroman
010    $a   2007970001
019 x  $a 2520240032
040    $a Uk $b eng $c Uk
245 00 $6 880-01 $a Hoys : $b [drōshak hayreneats, amsagir banasirakan].
246 3  $a Huys
246 3  $a Yuys
260    $6 880-02 $a Armash : $b [Armashi Vankʿ], $c 1864-1877.
300    $a v. ; $c 23 cm.
500    $a Hoys. “Hope,” a monthly magazine of literature in modern Armenian, Western dialect, printed at the Convent of the Mother of God at Armash.
505 0  $a Vol. I, 1-12 (1864-1865), II, 13-24 (1865-1866)
650  0 $a Armenian literature $v Periodicals.
650  0 $a Armenian language $v Periodicals.
650  0 $a Armenians $x Religious life.
655  4 $a Periodical publications.- Armash
852 41 $a British Library $b OC $j 17070.g.3.
880 00 $6 245-01 / $a Յոյս : $b դրօշակ հայրենեաց, ամսագիր բանասիրական].
880    $6 260-02 / $a Արմաշ : $b [Արմաշի Վանք], $c 1864-1877.
985    $a armenian2

